@Article{friedlander-orban-2012,
  author = {M. P. Friedlander and D. Orban},
  title = {A Primal-Dual Regularized Interior-Point Method for Convex
    Quadratic Programs},
  journal = {Mathematical Programming Computation},
  year = {2012},
  doi = {10.1007/s12532-012-0035-2},
  volume = {4},
  number = {1},
  pages = {71--107},
}

@TechReport{greif-moulding-orban-2012,
  author = {C. Greif and E. Moulding and D. Orban},
  title = {Bounds on the Eigenvalues of Block Matrices Arising from
    Interior-Point Methods},
  institution = {GERAD},
  year = {2012},
  type = {Cahier du GERAD},
  number = {G-2012-42},
  address = {Montr\'eal, Qu\'ebec, Canada}
}

@ARTICLE{vanderbei-1995,
  AUTHOR =       {Vanderbei, R. J.},
  TITLE =        {Symmetric quasi-definite matrices},
  JOURNAL =      {SIAM Journal on Optimization},
  YEAR =         {1995},
  volume =       {5},
  number =       {1},
  pages =        {100--113},
  doi = {10.1137/0805005}
}

@Article{duff-2004,
  author        = {I. S. Duff},
  title         = {{\sf MA57}---a Code for the Solution of Sparse
                   Symmetric Definite and Indefinite Systems},
  journal       = {Transactions of the ACM on Mathematical Software},
  volume        = {30},
  number        = {2},
  pages         = {118--144},
  year          = {2004},
  doi = {10.1145/992200.992202}
}

@Article{gill-saunders-shinnerl-1996,
  author       = {P. E. Gill and M. A. Saunders and J. R. Shinnerl},
  title        = {On the Stability of {C}holesky Factorization for Symmetric
                  Quasidefinite Systems},
  journal      = {SIAM Journal on Matrix Analysis and Applications},
  year         = {1996},
  volume       = {17},
  number       = {1},
  pages        = {35--46},
  doi = {10.1137/S0895479893252623}
}

@TechReport{arioli-orban-2012,
  author = {M. Arioli and D. Orban},
  title = {Iterative Methods for Symmetric Quasi-Definite Linear Systems},
  institution = {GERAD},
  year = {2012},
  type = {Cahier du GERAD},
  number = {G-2012-xx},
  address = {Montr\'eal, Qu\'ebec, Canada},
  note = {In preparation},
}

@article{rockafellar-1976,
  AUTHOR = {R. T. Rockafellar},
  TITLE = {Augmented {L}agrangians and applications of the proximal point
           algorithm in  convex programming},
  JOURNAL = {Mathematics of Operations Research},
  YEAR = {1976},
  volume = {1},
  pages = {97--116},
  doi = {10.1287/moor.1.2.97}
}

@Article{armand-benoist-2011,
  author =       {P. Armand and J. Benoist},
  title =        {Uniform boundedness of the inverse of a {J}acobian
                  matrix arising in regularized interior-point
                  methods},
  journal =      {Mathematical Programming},
  year =         {2011},
  doi =         {10.1007/s10107-011-0498-3}
}

@manual{HSL,
  author =       {HSL},
  title =        {The {HSL} Mathematical Software Library},
  organization = {STFC Rutherford Appleton Laboratory},
  note =         {\url{http://www.hsl.rl.ac.uk}},
  year =         2007
}

@TechReport{orban-2012,
  author =       {D. Orban},
  title =        {{\textsf{NLPy}}---A Large-Scale Optimization Toolkit
                  in {P}ython},
  institution =  GERAD,
  year =         2012,
  type =         {Technical Report},
  number =       {Cahier du GERAD G-2012-xx},
  address =      GERAD-ADDRESS,
  note =         {\url{https://github.com/dpo/nlpy}}
}

@Article{gould-1986,
  author = {N. I. M. Gould},
  title = {On the Accurate Determination of Search Directions for Simple
           Differentiable Penalty Functions},
  journal = {IMA Journal of Numerical Analysis},
  year = {1986}, volume = {6}, number = {}, pages = {357--372},
  doi = {10.1093/imanum/6.3.357}
}

@Book{golub-vanloan-1996,
  author = {G. H. Golub and C. F. {Van Loan}},
  title = {Matrix Computations},
  publisher = {Johns Hopkins},
  year = {1996},
  OPTnumber = {},
  series = {Johns Hopkins Series in the Mathematical Sciences},
  address = {Baltimore},
  edition = {Third},
}

@Article{portugal-judice-vicente-1994,
  author = {L. F. Portugal and J. J. Judice and L. N. Vicente},
  title = {Comparison of Block Pivoting and Interior-Point Algorithms for
           Linear Least Squares Problems with Nonnegative Variables},
  journal = {Mathematics of Computation},
  year = {1994},
  doi = {10.1090/S0025-5718-1994-1250776-4},
  volume = {63},
  number = {},
  pages = {625--643},
}

@Article{bellavia-gondzio-morini-2008,
  author = {S. Bellavia and J. Gondzio and B. Morini},
  title = {Regularization and Preconditioning of {KKT} Systems Arising in
           Nonnegative Least-Squares Problems},
  journal = {Numerical Linear Algebra with Applications},
  year = {2008},
  doi = {10.1002/nla.610},
  volume = {16},
  number = {},
  pages = {39--61},
}

@Article{bellavia-macconi-morini-2006,
  author = {S. Bellavia and M. Macconi and B. Morini},
  title = {An Interior Point {N}ewton-Like Method for Non-Negative Least-Squares
           Problems with Degenerate Solution},
  journal = {Numerical Linear Algebra with Applications},
  year = {2006},
  doi = {10.1002/nla.502},
  volume = {13},
  number = {},
  pages = {825--846},
}

@Article{bellavia-gondzio-morini-2011,
  author = {S. Bellavia and J. Gondzio and B. Morini},
  title = {Computational Experience with Numerical Methods for Nonnegative
           Least-Squares Problems},
  journal = {Numerical Linear Algebra with Applications},
  year = {2011},
  doi = {10.1002/nla.732},
  volume = {18},
  number = {},
  pages = {363--385},
}

@Article{barzilai-borwein-1988,
  author = {J. Barzilai and J. M. Borwein},
  title = {Two-Point Step Size Gradient Methods},
  volume = {8},
  number = {1},
  pages = {141-148},
  year = {1988},
  doi = {10.1093/imanum/8.1.141},
  journal = {IMA Journal of Numerical Analysis}
}

@Article{bierlaire-toint-tuyttens-1991,
  author = {M. Bierlaire and Ph. L. Toint and D. Tuyttens},
  title = {On Iterative Algorithms for Linear Least Squares Problems with
           Bound Constraints},
  journal = {Linear Algebra and its Applications},
  year = {1991},
  doi = {10.1016/0024-3795(91)90009-L},
  volume = {143},
  number = {},
  pages = {111--143},
}

@Misc{friedlander-2007,
  author = {M. P. Friedlander},
  title = {{BCLS}: Bound Constrained Least Squares},
  URL = {www.cs.ubc.ca/~mpf/bcls},
  year = {2007},
  note = {Accessed on 07/27/2012},
}

@Book{lawson-hanson-1995,
  author = {C. L. Lawson and R. J. Hanson},
  title = {Solving Least Squares Problems},
  publisher = {Society for Industrial and Applied Mathematics (SIAM)},
  year = {1995},
  number = {15},
  series = {Classics in Applied Mathematics},
  address = {Philadelphia, PA},
  doi = {10.1137/1.9781611971217},
  note = {Republication of original $1974$ edition},
}

@Book{bjorck-1996,
  author = {{\AA}. Bj\"orck},
  title = {Numerical Methods for Least Squares Problems},
  publisher = {Society for Industrial and Applied Mathematics (SIAM)},
  number = {OT51},
  year = {1996},
  address = {Philadelphia, PA},
  doi = {10.1137/1.9781611971484},
}

@Article{mehrotra-1992,
    author      = {S. Mehrotra},
    title       = {On the Implementation of a Primal-Dual Interior-Point
                   Method},
    journal     = {SIAM Journal on Optimization},
    volume      = {2},
    number      = {4},
    pages       = {575--601},
    year        = {1992},
    doi = {10.1137/0802028}
}

@book{FiaccoMcCormick,
    author = {A. V. Fiacco and G. P. McCormick},
     title = {Nonlinear programming: Sequential Unconstrained Minimization Techniques},
    series = {Classics in Applied Mathematics},
    volumne = {4},
   edition = {Second},
 publisher = {Society for Industrial and Applied Mathematics (SIAM)},
   address = {Philadelphia, PA},
      year = {1990},
     pages = {xvi+210},
     doi = {10.1137/1.9781611971316},
     note = {Republication of original $1968$ edition},
}

@article{chen-donoho-saunders-1998,
  author = {Chen, S. and Donoho, D. and Saunders, M.},
  title = {Atomic Decomposition by Basis Pursuit},
  journal = {SIAM Journal on Scientific Computing},
  volume = {20},
  number = {1},
  pages = {33-61},
  year = {1998},
  doi = {10.1137/S1064827596304010},
}

@Article{kim-koh-lustig-boyd-gorinevsky-2007,
  author = {S. J. Kim and K. Koh and M. Lusting and S. Boyd and D. Gorinevsky},
  title = {An Interior-Point Method for Large-Scale $\ell_1$-Regularized
           Least Squares},
  journal = {IEEE Journal on Selected Topics in Signal Processing},
  year = {2007},
  doi = {10.1109/JSTSP.2007.910971},
  volume = {1},
  number = {4},
  pages = {606--617},
}

@Article{koh-kim-boyd-2007,
  author = {K. Koh and S. J. Kim and S Boyd},
  title = {An Interior-Point Method for Large-Scale $\ell_1$-Regularized
           Logistic Regression},
  journal = {Journal of Machine Learning Research},
  year = {2007},
  OPTdoi = {},
  volume = {8},
  OPTnumber = {},
  pages = {1519--1555},
}

@Article{donoho-2006,
  author = {D. L. Donoho},
  title = {For most large underdetermined systems of linear equations, the minimal
           $\ell_1$-norm solution is also the sparsest solution},
  journal = {Communications on Pure and Applied Mathematics},
  year = {2006},
  doi = {10.1002/cpa.20132},
  volume = {59},
  number = {6},
  pages = {797--829},
}